%YAML 1.1
%TAG !u! tag:unity3d.com,2011:
--- !u!1001 &100100000
Prefab:
  m_ObjectHideFlags: 1
  serializedVersion: 2
  m_Modification:
    m_TransformParent: {fileID: 0}
    m_Modifications: []
    m_RemovedComponents: []
  m_ParentPrefab: {fileID: 0}
  m_RootGameObject: {fileID: 1354230487217226}
  m_IsPrefabParent: 1
--- !u!1 &1354230487217226
GameObject:
  m_ObjectHideFlags: 0
  m_PrefabParentObject: {fileID: 0}
  m_PrefabInternal: {fileID: 100100000}
  serializedVersion: 5
  m_Component:
  - component: {fileID: 4082422076800814}
  - component: {fileID: 33445953414329210}
  - component: {fileID: 23988264369774142}
  m_Layer: 0
  m_Name: Flag2
  m_TagString: Untagged
  m_Icon: {fileID: 0}
  m_NavMeshLayer: 0
  m_StaticEditorFlags: 0
  m_IsActive: 1
--- !u!1 &1626422034898932
GameObject:
  m_ObjectHideFlags: 0
  m_PrefabParentObject: {fileID: 0}
  m_PrefabInternal: {fileID: 100100000}
  serializedVersion: 5
  m_Component:
  - component: {fileID: 4863441978842548}
  - component: {fileID: 33827889234453730}
  - component: {fileID: 137898283694137792}
  - component: {fileID: 183609273282761854}
  m_Layer: 0
  m_Name: FlagCloth2
  m_TagString: Untagged
  m_Icon: {fileID: 0}
  m_NavMeshLayer: 0
  m_StaticEditorFlags: 0
  m_IsActive: 1
--- !u!4 &4082422076800814
Transform:
  m_ObjectHideFlags: 1
  m_PrefabParentObject: {fileID: 0}
  m_PrefabInternal: {fileID: 100100000}
  m_GameObject: {fileID: 1354230487217226}
  m_LocalRotation: {x: -0, y: 0.9872914, z: -0, w: -0.15892017}
  m_LocalPosition: {x: -35.5, y: 25, z: 49.6}
  m_LocalScale: {x: 1, y: 1.3914366, z: 1}
  m_Children:
  - {fileID: 4863441978842548}
  m_Father: {fileID: 0}
  m_RootOrder: 0
  m_LocalEulerAnglesHint: {x: 0, y: 198.288, z: 0}
--- !u!4 &4863441978842548
Transform:
  m_ObjectHideFlags: 1
  m_PrefabParentObject: {fileID: 0}
  m_PrefabInternal: {fileID: 100100000}
  m_GameObject: {fileID: 1626422034898932}
  m_LocalRotation: {x: 0, y: -0, z: -0, w: 1}
  m_LocalPosition: {x: -3.3484857, y: 5.037775, z: 0}
  m_LocalScale: {x: 1, y: 1, z: 1}
  m_Children: []
  m_Father: {fileID: 4082422076800814}
  m_RootOrder: 0
  m_LocalEulerAnglesHint: {x: 0, y: 0, z: 0}
--- !u!23 &23988264369774142
MeshRenderer:
  m_ObjectHideFlags: 1
  m_PrefabParentObject: {fileID: 0}
  m_PrefabInternal: {fileID: 100100000}
  m_GameObject: {fileID: 1354230487217226}
  m_Enabled: 1
  m_CastShadows: 1
  m_ReceiveShadows: 1
  m_DynamicOccludee: 1
  m_MotionVectors: 1
  m_LightProbeUsage: 1
  m_ReflectionProbeUsage: 1
  m_RenderingLayerMask: 4294967295
  m_Materials:
  - {fileID: 2100000, guid: 1e9bf3d4b558cb44aa55328955aafece, type: 2}
  m_StaticBatchInfo:
    firstSubMesh: 0
    subMeshCount: 0
  m_StaticBatchRoot: {fileID: 0}
  m_ProbeAnchor: {fileID: 0}
  m_LightProbeVolumeOverride: {fileID: 0}
  m_ScaleInLightmap: 1
  m_PreserveUVs: 0
  m_IgnoreNormalsForChartDetection: 0
  m_ImportantGI: 0
  m_StitchLightmapSeams: 0
  m_SelectedEditorRenderState: 3
  m_MinimumChartSize: 4
  m_AutoUVMaxDistance: 0.5
  m_AutoUVMaxAngle: 89
  m_LightmapParameters: {fileID: 0}
  m_SortingLayerID: 0
  m_SortingLayer: 0
  m_SortingOrder: 0
--- !u!33 &33445953414329210
MeshFilter:
  m_ObjectHideFlags: 1
  m_PrefabParentObject: {fileID: 0}
  m_PrefabInternal: {fileID: 100100000}
  m_GameObject: {fileID: 1354230487217226}
  m_Mesh: {fileID: 4300000, guid: 1d667196316fe7041b6a22b015d3fc72, type: 3}
--- !u!33 &33827889234453730
MeshFilter:
  m_ObjectHideFlags: 1
  m_PrefabParentObject: {fileID: 0}
  m_PrefabInternal: {fileID: 100100000}
  m_GameObject: {fileID: 1626422034898932}
  m_Mesh: {fileID: 4300002, guid: 1d667196316fe7041b6a22b015d3fc72, type: 3}
--- !u!137 &137898283694137792
SkinnedMeshRenderer:
  m_ObjectHideFlags: 1
  m_PrefabParentObject: {fileID: 0}
  m_PrefabInternal: {fileID: 100100000}
  m_GameObject: {fileID: 1626422034898932}
  m_Enabled: 1
  m_CastShadows: 1
  m_ReceiveShadows: 1
  m_DynamicOccludee: 1
  m_MotionVectors: 1
  m_LightProbeUsage: 1
  m_ReflectionProbeUsage: 1
  m_RenderingLayerMask: 4294967295
  m_Materials:
  - {fileID: 2100000, guid: 3f7928147fbdab74bbd9695a21938f9d, type: 2}
  m_StaticBatchInfo:
    firstSubMesh: 0
    subMeshCount: 0
  m_StaticBatchRoot: {fileID: 0}
  m_ProbeAnchor: {fileID: 0}
  m_LightProbeVolumeOverride: {fileID: 0}
  m_ScaleInLightmap: 1
  m_PreserveUVs: 0
  m_IgnoreNormalsForChartDetection: 0
  m_ImportantGI: 0
  m_StitchLightmapSeams: 0
  m_SelectedEditorRenderState: 3
  m_MinimumChartSize: 4
  m_AutoUVMaxDistance: 0.5
  m_AutoUVMaxAngle: 89
  m_LightmapParameters: {fileID: 0}
  m_SortingLayerID: 0
  m_SortingLayer: 0
  m_SortingOrder: 0
  serializedVersion: 2
  m_Quality: 0
  m_UpdateWhenOffscreen: 0
  m_SkinnedMotionVectors: 1
  m_Mesh: {fileID: 4300002, guid: 1d667196316fe7041b6a22b015d3fc72, type: 3}
  m_Bones: []
  m_BlendShapeWeights: []
  m_RootBone: {fileID: 0}
  m_AABB:
    m_Center: {x: 0.0012168884, y: -0.099925995, z: 0.17712402}
    m_Extent: {x: 3.4821105, y: 1.9446878, z: 2.3976388}
  m_DirtyAABB: 0
--- !u!183 &183609273282761854
Cloth:
  m_ObjectHideFlags: 1
  m_PrefabParentObject: {fileID: 0}
  m_PrefabInternal: {fileID: 100100000}
  m_GameObject: {fileID: 1626422034898932}
  m_Enabled: 1
  m_StretchingStiffness: 0.69
  m_BendingStiffness: 0.33
  m_UseTethers: 1
  m_UseGravity: 1
  m_Damping: 0.98
  m_ExternalAcceleration: {x: 7.97, y: -4.6, z: 0}
  m_RandomAcceleration: {x: 2, y: -1, z: 2}
  m_WorldVelocityScale: 0.5
  m_WorldAccelerationScale: 1
  m_Friction: 0.5
  m_CollisionMassScale: 0
  m_UseContinuousCollision: 1
  m_SolverFrequency: 120
  m_SleepThreshold: 0.1
  m_Coefficients:
  - maxDistance: 0
    collisionSphereDistance: 3.4028235e+38
  - maxDistance: 1
    collisionSphereDistance: 3.4028235e+38
  - maxDistance: 1
    collisionSphereDistance: 3.4028235e+38
  - maxDistance: 0
    collisionSphereDistance: 3.4028235e+38
  - maxDistance: 1
    collisionSphereDistance: 3.4028235e+38
  - maxDistance: 1
    collisionSphereDistance: 3.4028235e+38
  - maxDistance: 1
    collisionSphereDistance: 3.4028235e+38
  - maxDistance: 1
    collisionSphereDistance: 3.4028235e+38
  - maxDistance: 0
    collisionSphereDistance: 3.4028235e+38
  - maxDistance: 0
    collisionSphereDistance: 3.4028235e+38
  - maxDistance: 1
    collisionSphereDistance: 3.4028235e+38
  - maxDistance: 1
    collisionSphereDistance: 3.4028235e+38
  - maxDistance: 1
    collisionSphereDistance: 3.4028235e+38
  - maxDistance: 1
    collisionSphereDistance: 3.4028235e+38
  - maxDistance: 0
    collisionSphereDistance: 3.4028235e+38
  - maxDistance: 0
    collisionSphereDistance: 3.4028235e+38
  - maxDistance: 1
    collisionSphereDistance: 3.4028235e+38
  - maxDistance: 1
    collisionSphereDistance: 3.4028235e+38
  - maxDistance: 1
    collisionSphereDistance: 3.4028235e+38
  - maxDistance: 1
    collisionSphereDistance: 3.4028235e+38
  - maxDistance: 0
    collisionSphereDistance: 3.4028235e+38
  - maxDistance: 0
    collisionSphereDistance: 3.4028235e+38
  - maxDistance: 1
    collisionSphereDistance: 3.4028235e+38
  - maxDistance: 1
    collisionSphereDistance: 3.4028235e+38
  - maxDistance: 1
    collisionSphereDistance: 3.4028235e+38
  - maxDistance: 0
    collisionSphereDistance: 3.4028235e+38
  m_CapsuleColliders: []
  m_SphereColliders: []
  m_SelfCollisionDistance: 0.48
  m_SelfCollisionStiffness: 1
  m_SelfAndInterCollisionIndices: 0100000002000000040000000500000006000000070000000a0000000b0000000c0000000d00000010000000110000001200000013000000160000001700000018000000
  m_VirtualParticleWeights:
  - {x: 0.33333334, y: 0.33333334, z: 0.33333334}
  - {x: 0.6666667, y: 0.16666667, z: 0.16666667}
  - {x: 0.5, y: 0.5, z: 0}
  - {x: 0.33333334, y: 0.33333334, z: 0.33333334}
  - {x: 0.6666667, y: 0.16666667, z: 0.16666667}
  - {x: 0.5, y: 0.5, z: 0}
  - {x: 0.33333334, y: 0.33333334, z: 0.33333334}
  - {x: 0.6666667, y: 0.16666667, z: 0.16666667}
  - {x: 0.5, y: 0.5, z: 0}
  m_VirtualParticleIndices: 
